% Encoding: UTF-8

@Article{chiang2019punctuation,
  author    = {Chiang, Chen-Yu and Hung, Yu-Ping and Yeh, Han-Yun and Liao, I-Bin and Pan, Chen-Ming},
  title     = {Punctuation-generation-inspired linguistic features for Mandarin prosody generation},
  journal   = {EURASIP Journal on Audio, Speech, and Music Processing},
  year      = {2019},
  volume    = {2019},
  number    = {1},
  pages     = {4},
  publisher = {Springer},
}

@InProceedings{lee2017nctu,
  author    = {Lee, Yen-Hsuan and Yeh, Han-Yun and Wang, Yih-Ru and Liao, Yuan-Fu},
  title     = {NCTU-NTUT at IJCNLP-2017 Task 2: Deep Phrase Embedding using bi-LSTMs for Valence-Arousal Ratings Prediction of Chinese Phrases},
  booktitle = {Proceedings of the IJCNLP 2017, Shared Tasks},
  year      = {2017},
  pages     = {124--129},
}

@InProceedings{hung2014investigation,
  author       = {Hung, Yu-Ping and Yeh, Han-Yun and Liao, I-Bin and Pan, Chen-Ming and Chiang, Chen-Yu},
  title        = {An investigation on linguistic features for Mandarin prosody generation},
  booktitle    = {2014 17th Oriental Chapter of the International Committee for the Co-ordination and Standardization of Speech Databases and Assessment Techniques (COCOSDA)},
  year         = {2014},
  pages        = {1--5},
  organization = {IEEE},
}

@InProceedings{chiang2016improvements,
  author       = {Chiang, Chen-Yu and Hung, Yu-Ping and Liou, Guan-Ting and Wang, Yih-Ru},
  title        = {Improvements on punctuation generation inspired linguistic features for Mandarin prosody generation},
  booktitle    = {2016 10th International Symposium on Chinese Spoken Language Processing (ISCSLP)},
  year         = {2016},
  pages        = {1--5},
  organization = {IEEE},
}

@Comment{jabref-meta: databaseType:bibtex;}
